@article{physiboss1,
	author = {Letort, Gaelle and Montagud, Arnau and Stoll, Gautier and Heiland, Randy and Barillot, Emmanuel and Macklin, Paul and Zinovyev, Andrei and Calzone, Laurence},
	title = {PhysiBoSS: a multi-scale agent-based modelling framework integrating physical dimension and cell signalling},
	journaltitle = {Bioinformatics},
	date = {2018},
	volume = {35},
	number = {7},
	pages = {1188-1196},
	DOI = {https://doi.org/10.1093/bioinformatics/bty766}
}

@article{physiboss2,
	author = {Ponce-de-Leon, Miguel and Montagud, Arnau and Noël, Vincent and Meert, Annika and Pradas, Gerard and Barillot, Emmanuel and Calzone, Laurence and Valencia, Alfonso},
	title = {PhysiBoSS 2.0: a sustainable integration of stochastic Boolean and agent-based modelling frameworks},
	journaltitle = {npj Systems Biology and Applications},
	date = {2023},
	volume = {9},
	number = {54},
	doi = {https://doi.org/10.1038/s41540-023-00314-4}
}

@article{maboss,
	author = {Stoll, Gautier and Caron, Barthélémy and Viara, Eric and Dungourd, Aurélien and Zinovyev, Andrei and Naldi, Aurélien and Droemer, Guido and Barillot, Emmanuel and Calzone, Laurence},
	title = {MaBoSS 2.0: and environment for stochastic Boolean modeling},
	journaltitle = {Bioinformatics},
	date = {2017},
	volume = {33},
	number = {14},
	pages = {2226-2228},
	DOI = {https://doi.org/10.1093/bioinformatics/btx123}
}

@misc{gitrepo,
	author = {Ponce-de-Leon, Miguel},
	title = {PhysiBoSS},
	year = {2023},
	publisher = {GitHub},
	journal = {GitHub repository},
	howpublished = {\url{https://github.com/PhysiBoSS/PhysiBoSS}},
	commit = {6fb949f}
}

@article{booleanmodel,
	author = {Stoll, Gautier and Viara, Eric and Barillot, Emmanuel and Calzone, Laurence},
	title = {Continuous time boolean modeling for biological signaling: application of Gillespie algorithm},
	journaltitle = {BMC Systems Biology},
	date = {2012},
	volume = {6},
	number = {116},
	url = {http://www.biomedcentral.com/1752-0509/6/116}
}

@article{physicell,
	author = { Ghaffarizadeh, Ahmadreza and  Heiland, Randy and  Friedman, Samuel H. and  Mumenthaler, Shannon M. and  Macklin, Paul},
	title = {PhysiCell: An open source physics-based cell simulator for 3-D multicellular systems},
	journaltitle = {PLOS Computational Biology},
	date = {2018},
	DOI = {https://doi.org/10.1371/journal.pcbi.1005991}
}
